@manual{stmarys,
  title={St Marys Sewage Treatment Plant},
  organization={Sydney Water},
  year={2010},
}

ï»¿@book{spellman2008handbook,
  title={Handbook of water and wastewater treatment plant operations},
  author={Spellman, F.},
  year={2008},
  publisher={CRC Press}
}

@book{wingender2002extracellular,
  title={Extracellular enzymes in biofilms},
  author={Wingender, J. and Jaeger, K.},
  year={2002},
  publisher={Wiley Online Library}
}

@article{mayer1999role,
  title={The role of intermolecular interactions: studies on model systems for bacterial biofilms},
  author={Mayer, C. and Moritz, R. and Kirschner, C. and Borchard, W. and Maibaum, R. and Wingender, J. and Flemming, H.},
  journal={International journal of Biological Macromolecules},
  volume={26},
  pages={3--16},
  year={1999},
  publisher={Elsevier}
}

@article{muchie2010bioremediation,
  title={Bioremediation of polluted wastewater influent: Phosphorus and nitrogen removal},
  author={Akpor, O. and Muchie, M.},
  journal={Scientific Research and Essays},
  volume={5},
  pages={3222--3230},
  year={2010},
  publisher={Academic Journals}
}

@article{ranasinghe2012revealing,
  title={Revealing microbial community structures in large-and small-scale activated sludge systems by barcoded pyrosequencing of 16S r{RNA} gene},
  author={Ranasinghe, P. and Satoh, H. and Oshiki, M. and Oshima, K. and Suda, W. and Hattori, M and Mino, T.},
  journal={Water Science \& Technology},
  volume={66},
  pages={2155--2161},
  year={2012},
  publisher={IWA Publishing}
}

@article{pisarevsky2005chemical,
  title={Chemical oxygen demand},
  author={Pisarevsky, A. and Polozova, I. and Hockridge, P.},
  journal={Russian journal of applied chemistry},
  volume={78},
  pages={101--107},
  year={2005},
  publisher={Springer}
}

@article{mayhew1997low,
  title={Low biomass yield activated sludge: a review},
  author={Mayhew, M. and Stephenson, T.},
  journal={Environmental Technology},
  volume={18},
  pages={883--892},
  year={1997},
  publisher={Taylor \& Francis}
}

@article{yang2012evolution,
  title={Evolution of the microbial community in a full-scale printing and dyeing wastewater treatment system},
  author={Yang, Q. and Wang, J. and Wang, H. and Chen, X. and Ren, S. and Li, X. and Xu, Y. and Zhang, H. and Li, X.},
  journal={Bioresource Technology},
  volume={117},
  pages={155--163},
  year={2012},
  publisher={Elsevier}
}

@article{xia2010bacterial,
  title={Bacterial community structure in geographically distributed biological wastewater treatment reactors},
  author={Xia, S. and Duan, L. and Song, Y. and Li, J. and Piceno, Y. and Andersen, G. and Alvarez-Cohen, L. and Moreno-Andrade, I. and Huang, C. and Hermanowicz, S.},
  journal={Environmental Science \& Technology},
  volume={44},
  pages={7391--7396},
  year={2010},
  publisher={ACS Publications}
}

@article{wang2012pyrosequencing,
  title={Pyrosequencing analysis of bacterial diversity in 14 wastewater treatment systems in {C}hina},
  author={Wang, X. and Hu, M. and Xia, Y. and Wen, X. and Ding, K.},
  journal={Applied and Environmental Microbiology},
  volume={78},
  pages={7042--7047},
  year={2012},
  publisher={Am Soc Microbiol}
}

@article{hu2012microbial,
  title={Microbial community structures in different wastewater treatment plants as revealed by 454-pyrosequencing analysis},
  author={Hu, M. and Wang, X. and Wen, X. and Xia, Y.},
  journal={Bioresource Technology},
  volume={117},
  pages={72--79},
  year={2012},
  publisher={Elsevier}
}

@book{jenkins2004manual,
  title={Manual on the causes and control of activated sludge bulking, foaming, and other solids separation problems},
  author={Jenkins, D. and Richard, M. and Daigger, G.},
  year={2004},
  publisher={IWA publishing}
}

@article{williams2007quorum,
  title={Quorum sensing, communication and cross-kingdom signalling in the bacterial world},
  author={Williams, P.},
  journal={Microbiology},
  volume={153},
  pages={3923--3938},
  year={2007},
  publisher={Soc Gen Microbiol}
}

@book{henze2002wastewater,
  title={Wastewater treatment: biological and chemical processes},
  author={Henze, M.},
  year={2002},
  publisher={Springer}
}

@article{haba2000isolation,
  title={Isolation of lipase-secreting bacteria by deploying used frying oil as selective substrate},
  author={Haba, E. and Bresco, O. and Ferrer, C. and Marqu{\'e}s, A. and Busquets, M. and Manresa, A.},
  journal={Enzyme and Microbial Technology},
  volume={26},
  pages={40--44},
  year={2000},
  publisher={Elsevier}
}

@article{simbolo2013dna,
  title={DNA Qualification Workflow for Next Generation Sequencing of Histopathological Samples},
  author={Simbolo, M. and Gottardi, M. and Corbo, V. and Fassan, M. and Mafficini, A. and Malpeli, G. and Lawlor, R. and Scarpa, A.},
  journal={PloS one},
  volume={8},
  pages={e62692},
  year={2013},
  publisher={Public Library of Science}
}

@article{winkler1979glycogen,
  title={Glycogen, hyaluronate, and some other polysaccharides greatly enhance the formation of exolipase by \textit{Serratia marcescens}},
  author={Winkler, U. and Stuckmann, M.},
  journal={Journal of Bacteriology},
  volume={138},
  pages={663--670},
  year={1979},
  publisher={Am Soc Microbiol}
}

@article{fux2005survival,
  title={Survival strategies of infectious biofilms},
  author={Fux, C. and Costerton, J. and Stewart, P. and Stoodley, P.},
  journal={Trends in Microbiology},
  volume={13},
  pages={34--40},
  year={2005},
  publisher={Elsevier}
}

@article{singh2006biofilms,
  title={Biofilms: implications in bioremediation},
  author={Singh, R. and Paul, D. and Jain, R.},
  journal={Trends in Microbiology},
  volume={14},
  pages={389--397},
  year={2006},
  publisher={Elsevier}
}

@article{parsek2005sociomicrobiology,
  title={Sociomicrobiology: the connections between quorum sensing and biofilms},
  author={Parsek, M. and Greenberg, E.},
  journal={Trends in Microbiology},
  volume={13},
  pages={27--33},
  year={2005},
  publisher={Elsevier}
}

@article{liu2007analysis,
  title={Analysis of bacterial community structures in two sewage treatment plants with different sludge properties and treatment performance by nested {PCR-DGGE} method},
  author={Liu, X. and Zhang, Y. and Yang, M. and Wang, Z. and Lv, W.},
  journal={Journal of Environmental Sciences},
  volume={19},
  pages={60--66},
  year={2007},
  publisher={Elsevier}
}

@article{steindler2007detection,
  title={Detection of quorum-sensing \textit{N}-acyl homoserine lactone signal molecules by bacterial biosensors},
  author={Steindler, L. and Venturi, V.},
  journal={FEMS microbiology letters},
  volume={266},
  pages={1--9},
  year={2007},
  publisher={Wiley Online Library}
}

@article{dong2005quorum,
  title={Quorum sensing and quorum-quenching enzymes},
  author={Dong, Y. and Zhang, L.},
  journal={Journal of Microbiology},
  volume={43},
  pages={101--109},
  year={2005},
publisher={Microbiol Soc Korea}
}

@article{zhang2002genetic,
  title={Genetic control of quorum-sensing signal turnover in \emph
{Agrobacterium tumefaciens}},
  author={Zhang, H. and Wang, L. and Zhang, L.},
  journal={Proceedings of the National Academy of Sciences},
  volume={99},
  pages={4638--4643},
  year={2002},
  publisher={National Acad Sciences}
}

@article{arpigny1999bacterial,
  title={Bacterial lipolytic enzymes: classification and properties},
  author={Arpigny, J and Jaeger, K},
  journal={Biochemical Journal},
  volume={343},
  pages={177--183},
  year={1999}
}

@article{gessesse2003lipase,
  title={Lipase and protease extraction from activated sludge},
  author={Gessesse, A. and Dueholm, T. and Petersen, Steffen B. and Nielsen, P.},
  journal={Water Research},
  volume={37},
  pages={3652--3657},
  year={2003},
  publisher={Elsevier}
}

@article{tillett2000xanthogenate,
  title={Xanthogenate nucleic acid isolation from cultured and environmental cyanobacteria},
  author={Tillett, D. and Neilan, B.},
  journal={Journal of Phycology},
  volume={36},
  pages={251--258},
  year={2000},
  publisher={Wiley Online Library}
}

@article{ardern1914experiments,
  title={Experiments on the oxidation of sewage without the aid of filters},
  author={Ardern, E. and Lockett, W.},
  journal={Journal of the Society of Chemical Industry},
  volume={33},
  pages={523--539},
  year={1914},
  publisher={Wiley Online Library}
}

@article{kim1997crystal,
  title={The crystal structure of a triacylglycerol lipase from \emph{Pseudomonas cepacia} reveals a highly open conformation in the absence of a bound inhibitor},
  author={Kim, K. and Song, H. and Shin, D. and Hwang, K. and Suh, S.},
  journal={Structure},
  volume={5},
  pages={173--185},
  year={1997},
  publisher={Elsevier}
}


@article{hanahan1983studies,
  title={Studies on transformation of \emph{Escherichia coli} with plasmids},
  author={Hanahan, D.},
  journal={Journal of Molecular Biology},
  volume={166},
  pages={557--580},
  year={1983},
  publisher={Elsevier}
}

@article{bertani1951studies,
  title={Studies on lysogenesis I.: The Mode of Phage Liberation by Lysogenic \emph{Escherichia coli}},
  author={Bertani, G},
  journal={Journal of Bacteriology},
  volume={62},
  pages={293},
  year={1951},
  publisher={American Society for Microbiology (ASM)}
}

@article{reasoner1985new,
  title={A new medium for the enumeration and subculture of bacteria from potable water},
  author={Reasoner, D. and Geldreich, E.},
  journal={Applied and Environmental Microbiology},
  volume={49},
  pages={1--7},
  year={1985},
  publisher={Am Soc Microbiol}
}

@article{Cammarota_06,
  title={A review on hydrolytic enzymes in the treatment of wastewater with high oil and grease content},
  author={Cammarota, M. and Freire, D.},
  journal={Bioresource Technology},
  volume={97},
  pages={2195--2210},
  year={2006},
  publisher={Elsevier}
}

@article{Raunkjaer_94,
  title={Measurement of pools of protein, carbohydrate and lipid in domestic wastewater},
  author={Raunkj{\ae}r, K. and Hvitved-Jacobsen, T. and Nielsen, P.},
  journal={Water Research},
  volume={28},
  pages={251--262},
  year={1994},
  publisher={Elsevier}
}

@article{Price_95,
  title={Sewage and industrial effluents},
  author={Try, P. and Price, G.},
  journal={Waste Treatment and Disposal},
  pages={17--41},
  year={1995},
  publisher={The Royal Society of Chemistry London}
}

@article{Mcgarvey_04,
  title={Identification of bacterial populations in dairy wastewaters by use of 16S r{RNA} gene sequences and other genetic markers},
  author={McGarvey, J. and Miller, W. and Sanchez, S. and Stanker, L.},
  journal={Applied and Environmental Microbiology},
  volume={70},
  pages={4267--4275},
  year={2004},
  publisher={Am Soc Microbiol}
}

@article{Gilbride_06,
  title={Effect of chemical and physical parameters on a pulp mill biotreatment bacterial community},
  author={Gilbride, K. and Frigon, D. and Cesnik, A. and Gawat, J. and Fulthorpe, R.},
  journal={Water Research},
  volume={40},
  pages={775--787},
  year={2006},
  publisher={Elsevier}
}

@article{Hesham_11,
  title={Comparison of bacterial community structures in two systems of a sewage treatment plant using {PCR-DGGE} analysis},
  author={Hesham, A. and Qi, R. and Yang, M.},
  journal={Journal of Environmental Sciences},
  volume={23},
  pages={2049--2054},
  year={2011},
  publisher={Elsevier}
}

@article{Wagner_02,
  title={Bacterial community composition and function in sewage treatment systems},
  author={Wagner, M. and Loy, A.},
  journal={Current Opinion in Biotechnology},
  volume={13},
  pages={218--227},
  year={2002},
  publisher={Elsevier}
}

@article{Chong_12,
  title={The presence and role of bacterial quorum sensing in activated sludge},
  author={Chong, G. and Kimyon, O. and Rice, S. and Kjelleberg, S. and Manefield, M.},
  journal={Microbial Biotechnology},
  volume={5},
  pages={621--633},
  year={2012},
  publisher={Wiley Online Library}
}

@article{Kampfer_96,
  title={Characterization of bacterial communities from activated sludge: culture-dependent numerical identification versus in situ identification using group-and genus-specific r{RNA}-targeted oligonucleotide probes},
  author={K{\"a}mpfer, P. and Erhart, R. and Beimfohr, C. and B{\"o}hringer, J. and Wagner, M. and Amann, R.},
  journal={Microbial Ecology},
  volume={32},
  pages={101--121},
  year={1996},
  publisher={Springer}
}

@article{Swift_97,
  title={Quorum sensing in \emph{Aeromonas hydrophila} and \emph{Aeromonas salmonicida}: identification of the {L}ux{RI} homologs {A}hy{RI} and {A}sa{RI} and their cognate \emph{N}-acylhomoserine lactone signal molecules},
  author={Swift, S. and Karlyshev, A. and Fish, L. and Durant, E. and Winson, M. and Chhabra, S. and Williams, P. and Macintyre, S. and Stewart, G.},
  journal={Journal of Bacteriology},
  volume={179},
  pages={5271--5281},
  year={1997},
  publisher={Am Soc Microbiol}
}

@article{Lynch_02,
  title={The regulation of biofilm development by quorum sensing in \emph{Aeromonas hydrophila}},
  author={Lynch, M. and Swift, S. and Kirke, D. and Keevil, C. and Dodd, C. and Williams, P.},
  journal={Environmental microbiology},
  volume={4},
  pages={18--28},
  year={2002},
  publisher={Wiley Online Library}
}

@article{Seshadri_06,
  title={Genome sequence of \emph{Aeromonas hydrophila} {ATCC} 7966{T}: jack of all trades},
  author={Seshadri, R. and Joseph, S. and Chopra, A. and Sha, J. and Shaw, J. and Graf, J. and Haft, D. and Wu, M. and Ren, Q. and Rosovitz, M.},
  journal={Journal of Bacteriology},
  volume={188},
  pages={8272--8282},
  year={2006},
  publisher={Am Soc Microbiol}
}

@article{Flemming_10,
  title={The biofilm matrix},
  author={Flemming, H. and Wingender, J.},
  journal={Nature Reviews Microbiology},
  volume={8},
  pages={623--633},
  year={2010},
  publisher={Nature Publishing Group}
}

@article{Frolund_96,
  title={Extraction of extracellular polymers from activated sludge using a cation exchange resin},
  author={Fr{\o}lund, B. and Palmgren, R. and Keiding, K. and Nielsen, P.},
  journal={Water Research},
  volume={30},
  pages={1749--1758},
  year={1996},
  publisher={Elsevier}
}

@article{Forster_92,
  title={Oils, fats and greases in wastewater treatment},
  author={Forster, C.},
  journal={Journal of Chemical Technology and Biotechnology},
  volume={55},
  pages={402--404},
  year={1992},
  publisher={Wiley Online Library}
}

@article{Wakelin_97,
  title={An investigation into microbial removal of fats, oils and greases},
  author={Wakelin, N. and Forster, C.},
  journal={Bioresource Technology},
  volume={59},
  pages={37--43},
  year={1997},
  publisher={Elsevier}
}


@article{burmolle_06,
  title={Enhanced biofilm formation and increased resistance to antimicrobial agents and bacterial invasion are caused by synergistic interactions in multispecies biofilms},
  author={Burm{\o}lle, M. and Webb, J. and Rao, D. and Hansen, L. and S{\o}rensen, S. and Kjelleberg, S.},
  journal={Applied and Environmental Microbiology},
  volume={72},
  pages={3916--3923},
  year={2006},
  publisher={Am Soc Microbiol}
}

@article{case_08,
  title={{AHL}-driven quorum-sensing circuits: their frequency and function among the Proteobacteria},
  author={Case, R. and Labbate, M. and Kjelleberg, S.},
  journal={The ISME journal},
  volume={2},
  pages={345--349},
  year={2008},
  publisher={Nature Publishing Group}
}

@article{christensen_03,
  title={Quorum-sensing-directed protein expression in \emph{Serratia proteamaculans} {B}5a},
  author={Christensen, A. and Riedel, K. and Eberl, L. and Flodgaard, L. and Molin, S. and Gram, L. and Givskov, M.},
  journal={Microbiology},
  volume={149},
  pages={471--483},
  year={2003},
  publisher={Soc General Microbiol}
}

@article{conway_02,
  title={Quorum-sensing signals and quorum-sensing genes in \emph{Burkholderia vietnamiensis}},
  author={Conway, B. and Greenberg, E.},
  journal={Journal of Bacteriology},
  volume={184},
  pages={1187--1191},
  year={2002},
  publisher={Am Soc Microbiol}
}

@article{devescovi_07,
  title={Involvement of a quorum-sensing-regulated lipase secreted by a clinical isolate of \emph{Burkholderia glumae} in severe disease symptoms in rice},
  author={Devescovi, G. and Bigirimana, J. and Degrassi, G. and Cabrio, L. and LiPuma, J. and Kim, J. and Hwang, I. and Venturi, V.},
  journal={Applied and Environmental Microbiology},
  volume={73},
  pages={4950--4958},
  year={2007},
  publisher={Am Soc Microbiol}
}

@article{dunphy_97,
  title={A homoserine lactone autoinducer regulates virulence of an insect-pathogenic bacterium, \emph{Xenorhabdus nematophilus} ({E}nterobacteriaceae)},
  author={Dunphy, G. and Miyamoto, C. and Meighen, E.},
  journal={Journal of Bacteriology},
  volume={179},
  pages={5288--5291},
  year={1997},
  publisher={Am Soc Microbiol}
}

@article{gelencser_12,
  title={Classifying the topology of {AHL}-driven quorum sensing circuits in proteobacterial genomes},
  author={Gelencs{\'e}r, Z. and Choudhary, K. and Coutinho, B. and Hudaiberdiev, S. and Galb{\'a}ts, B. and Venturi, V. and Pongor, S.},
  journal={Sensors},
  volume={12},
  pages={5432--5444},
  year={2012},
  publisher={Molecular Diversity Preservation International}
}

@article{givaudan_00,
  title={\emph{flhDC}, the Flagellar Master Operon of \emph{Xenorhabdus nematophilus}: Requirement for Motility, Lipolysis, Extracellular Hemolysis, and full virulence in Insects},
  author={Givaudan, A. and Lanois, A.},
  journal={Journal of Bacteriology},
  volume={182},
  pages={107--115},
  year={2000},
  publisher={Am Soc Microbiol}
}

@article{hasan_06,
  title={Industrial applications of microbial lipases},
  author={Hasan, F. and Shah, A. and Hameed, A.},
  journal={Enzyme and Microbial Technology},
  volume={39},
  pages={235--251},
  year={2006},
  publisher={Elsevier}
}

@article{hejazi_97,
  title={\emph{Serratia marcescens}},
  author={Hejazi, A. and Falkiner, F.},
  journal={Journal of Medical Microbiology},
  volume={46},
  pages={903--912},
  year={1997},
  publisher={Soc General Microbiol}
}

@article{herbert2007,
  title={Friend and foe: the two faces of \emph{Xenorhabdus nematophila}},
  author={Herbert, E. and Goodrich-Blair, H.},
  journal={Nature Reviews Microbiology},
  volume={5},
  pages={634--646},
  year={2007},
  publisher={Nature Publishing Group}
}

@article{heurlier2004,
  title={Positive control of swarming, rhamnolipid synthesis, and lipase production by the posttranscriptional {R}sm{A}/{R}sm{Z} system in \emph{Pseudomonas aeruginosa} {PAO}1},
  author={Heurlier, K. and Williams, F. and Heeb, S. and Dormond, C. and Pessi, G. and Singer, D. and C{\'a}mara, M. and Williams, P. and Haas, D.},
  journal={Journal of Bacteriology},
  volume={186},
  pages={2936--2945},
  year={2004},
  publisher={Am Soc Microbiol}
}

@article{horng2002,
  title={The {L}ux{R} family protein pn functions as a negative regulator of \emph{N}-acylhomoserine lactone-dependent quorum sensing in \emph{Serratia marcescens}},
  author={Horng, Y. and Deng, S. and Daykin, M. and Soo, P. and Wei, J.and Luh, K. and Ho, S. and Swift, S. and Lai, H. and Williams, P.},
  journal={Molecular Microbiology},
  volume={45},
  pages={1655--1671},
  year={2002},
  publisher={Wiley Online Library}
}

@article{huber2001,
  title={The \emph{cep} quorum-sensing system of \emph{Burkholderia cepacia} {H}111 controls biofilm formation and swarming motility},
  author={Huber, B. and Riedel, K. and Hentzer, M. and Heydorn, A. and Gotschlich, A. and Givskov, M. and Molin, S. and Eberl, L.},
  journal={Microbiology},
  volume={147},
  pages={2517--2528},
  year={2001},
  publisher={Soc General Microbiol}
}

@article{iso2001,
  title={Production of biodiesel fuel from triglycerides and alcohol using immobilized lipase},
  author={Iso, M. and Chen, B. and Eguchi, M. and Kudo, T. and Shrestha, S.},
  journal={Journal of Molecular Catalysis B: Enzymatic},
  volume={16},
  pages={53--58},
  year={2001},
  publisher={Elsevier}
}

@article{filloux2004,
  title={The underlying mechanisms of type II protein secretion},
  author={Filloux, A.},
  journal={Biochimica et Biophysica Acta (BBA)-Molecular Cell Research},
  volume={1694},
  pages={163--179},
  year={2004},
  publisher={Elsevier}
}

@article{delepelaire2004,
  title={Type I secretion in gram-negative bacteria},
  author={Delepelaire, P.},
  journal={Biochimica et Biophysica Acta (BBA)-Molecular Cell Research},
  volume={1694},
  pages={149--161},
  year={2004},
  publisher={Elsevier}
}

@article{bos2007,
  title={Biogenesis of the gram-negative bacterial outer membrane},
  author={Bos, M. and Robert, V. and Tommassen, J.},
  journal={Annual Review of Microbiology},
  volume={61},
  pages={191--214},
  year={2007},
  publisher={Annual Reviews}
}

@article{derewenda1992,
  title={Catalysis at the interface: the anatomy of a conformational change in a triglyceride lipase},
  author={Derewenda, U. and Brzozowski, A. and Lawson, D. and Derewenda, Z.},
  journal={Biochemistry},
  volume={31},
  pages={1532--1541},
  year={1992},
  publisher={ACS Publications}
}

@article{jaeger1999,
  title={Bacterial biocatalysts: molecular biology, three-dimensional structures, and biotechnological applications of lipases},
  author={Jaeger, K. and Dijkstra, B. and Reetz, M.},
  journal={Annual Review of Microbiology},
  volume={53},
  pages={315--351},
  year={1999},
  publisher={Annual Reviews 4139 El Camino Way, PO Box 10139, Palo Alto, CA 94303-0139, USA}
}

@article{jaeger2002,
  title={Lipases for biotechnology},
  author={Jaeger, K. and Eggert, T.},
  journal={Current Opinion in Biotechnology},
  volume={13},
  pages={390--397},
  year={2002},
  publisher={Elsevier}
}

@article{juhas2005,
  title={Quorum sensing: the power of cooperation in the world of \emph{Pseudomonas}},
  author={Juhas, M. and Eberl, L. and T{\"u}mmler, B.},
  journal={Environmental Microbiology},
  volume={7},
  pages={459--471},
  year={2005},
  publisher={Wiley Online Library}
}

@article{kjelleberg2002,
  title={Is there a role for quorum sensing signals in bacterial biofilms?},
  author={Kjelleberg, S. and Molin, S},
  journal={Current Opinion in Microbiology},
  volume={5},
  pages={254},
  year={2002}
}

@article{atkinson2007,
  title={\emph{N}-acylhomoserine lactones, quorum sensing and biofilm development in Gram-negative bacteria},
  author={Atkinson, S. and C{\'a}mara, M. and Williams, P. and Kjellberg, S. and Givskov, M.},
  journal={The Biofilm Mode of Life: Mechanisms and Adaptations},
  pages={95--122},
  year={2007},
  publisher={Taylor \& Francis}
}

@article{labbate2007,
  title={Quorum-sensing regulation of adhesion in \emph{Serratia marcescens} {MG}1 is surface dependent},
  author={Labbate, M. and Zhu, H. and Thung, L. and Bandara, R. and Larsen, M. and Willcox, M. and Givskov, M. and Rice, S. A and Kjelleberg, S.},
  journal={Journal of Bacteriology},
  volume={189},
  pages={2702--2711},
  year={2007},
  publisher={Am Soc Microbiol}
}

@article{lewenza1999,
  title={Quorum sensing in \emph{Burkholderia cepacia}: identification of the {L}ux{RI} homologs {C}ep{RI}},
  author={Lewenza, S. and Conway, B. and Greenberg, E. and Sokol, P.},
  journal={Journal of Bacteriology},
  volume={181},
  pages={748--756},
  year={1999},
  publisher={Am Soc Microbiol}
}

@article{manefield2007,
  title={Acylated homoserine lactones in the environment: chameleons of bioactivity},
  author={Manefield, M. and Whiteley, A.},
  journal={Philosophical Transactions of the Royal Society B: Biological Sciences},
  volume={362},
  pages={1235--1240},
  year={2007},
  publisher={The Royal Society}
}

@article{matz2005,
  title={Off the hook - how bacteria survive protozoan grazing},
  author={Matz, C. and Kjelleberg, S.},
  journal={Trends in Microbiology},
  volume={13},
  pages={302--307},
  year={2005},
  publisher={Elsevier}
}

@article{boles2008,
  title={Endogenous oxidative stress produces diversity and adaptability in biofilm communities},
  author={Boles, B. and Singh, P.},
  journal={Proceedings of the National Academy of Sciences},
  volume={105},
  pages={12503--12508},
  year={2008},
  publisher={National Acad Sciences}
}

@article{michel2009,
  title={The type II secretory system ({T}2{SS}) in gram-negative bacteria: a molecular nanomachine for secretion of Sec and Tat-dependent extracellular proteins},
  author={Michel, G. PF and Voulhoux, R.},
  journal={Bacterial Secreted Proteins: Secretory Mechanisms and Role in Pathogenesis},
  pages={67--92},
  year={2009}
}

@article{palmer2001,
  title={Mutualism versus independence: strategies of mixed-species oral biofilms in vitro using saliva as the sole nutrient source},
  author={Palmer, R. and Kazmerzak, K. and Hansen, M. and Kolenbrander, P.},
  journal={Infection and Immunity},
  volume={69},
  pages={5794--5804},
  year={2001},
  publisher={Am Soc Microbiol}
}

@article{pessi2001,
  title={The Global Posttranscriptional Regulator {R}sm{A} Modulates Production of Virulence Determinants and \emph{N}-Acylhomoserine Lactones in \emph{Pseudomonas aeruginosa}},
  author={Pessi, G. and Williams, F. and Hindle, Z. and Heurlier, K. and Holden, M. and C{\'a}mara, M. and Haas, D. and Williams, P.},
  journal={Journal of Bacteriology},
  volume={183},
  pages={6676--6683},
  year={2001},
  publisher={Am Soc Microbiol}
}

@article{pugsley1993,
  title={The complete general secretory pathway in gram-negative bacteria},
  author={Pugsley, A.},
  journal={Microbiological Reviews},
  volume={57},
  pages={50},
  year={1993},
  publisher={Am Soc Microbiol}
}

@article{rao2005,
  title={Competitive interactions in mixed-species biofilms containing the marine bacterium \emph{Pseudoalteromonas tunicata}},
  author={Rao, D. and Webb, J. S and Kjelleberg, S.},
  journal={Applied and Environmental Microbiology},
  volume={71},
  pages={1729--1736},
  year={2005},
  publisher={Am Soc Microbiol}
}

@article{reimmann1997,
  title={The global activator {G}ac{A} of \emph{Pseudomonas aeruginosa} {PAO} positively controls the production of the autoinducer \emph{N}-butyryl-homoserine lactone and the formation of the virulence factors pyocyanin, cyanide, and lipase},
  author={Reimmann, C. and Beyeler, M. and Latifi, A. and Winteler, H. and Foglino, M. and Lazdunski, A. and Haas, D.},
  journal={Molecular Microbiology},
  volume={24},
  pages={309--319},
  year={1997},
  publisher={Wiley Online Library}
}

@article{richards2010,
  title={Examination of \emph{Xenorhabdus nematophila} lipases in pathogenic and mutualistic host interactions reveals a role for \emph{xlpA} in nematode progeny production},
  author={Richards, G. and Goodrich-Blair, H.},
  journal={Applied and Environmental Microbiology},
  volume={76},
  pages={221--229},
  year={2010},
  publisher={Am Soc Microbiol}
}

@article{richards2008,
  title={\emph{Xenorhabdus nematophila} \emph{lrhA} is necessary for motility, lipase activity, toxin expression, and virulence in \emph{Manduca sexta} insects},
  author={Richards, G. and Herbert, E. and Park, Y. and Goodrich-Blair, H.},
  journal={Journal of Bacteriology},
  volume={190},
  pages={4870--4879},
  year={2008},
  publisher={Am Soc Microbiol}
}

@article{riedel2001,
  title={\emph{N}-Acyl-l-Homoserine Lactone-Mediated Regulation of the {L}ip Secretion System in \emph{Serratia liquefaciens} MG1},
  author={Riedel, K. and Ohnesorg, T. and Krogfelt, K. and Hansen, T. and Omori, K. and Givskov, M. and Eberl, L.},
  journal={Journal of Bacteriology},
  volume={183},
  pages={1805--1809},
  year={2001},
  publisher={Am Soc Microbiol}
}

@article{rosenau2000,
  title={Bacterial lipases from \emph{Pseudomonas}: Regulation of gene expression and mechanisms of secretion},
  author={Rosenau, F. and Jaeger, K.},
  journal={Biochimie},
  volume={82},
  pages={1023--1032},
  year={2000},
  publisher={Elsevier}
}

@article{sandkvist2001,
  title={Type II secretion and pathogenesis},
  author={Sandkvist, M.},
  journal={Infection and Immunity},
  volume={69},
  pages={3523--3535},
  year={2001},
  publisher={Am Soc Microbiol}
}

@article{sharif2008,
  title={Quorum sensing in cyanobacteria: \emph{N}-octanoyl-homoserine lactone release and response, by the epilithic colonial cyanobacterium \emph{Gloeothece} {PCC}6909},
  author={Sharif, D. and Gallon, J. and Smith, C.},
  journal={The ISME journal},
  volume={2},
  pages={1171--1182},
  year={2008},
  publisher={Nature Publishing Group}
}

@article{shibatani2000,
  title={Enzymatic resolution of diltiazem intermediate by \emph{Serratia marcescens} lipase: molecular mechanism of lipase secretion and its industrial application},
  author={Shibatani, T. and Omori, K. and Akatsuka, H. and Kawai, E. and Matsumae, H.},
  journal={Journal of Molecular Catalysis B: Enzymatic},
  volume={10},
  pages={141--149},
  year={2000},
  publisher={Elsevier}
}

@article{skillman1998,
  title={The role of exopolysaccharides in dual species biofilm development},
  author={Skillman, L. and Sutherland, I. and Jones, M.},
  journal={Journal of Applied Microbiology},
  volume={85},
  pages={13S--18S},
  year={1998},
  publisher={Wiley Online Library}
}

@article{suarez2008,
  title={The new group of non-pathogenic plant-associated nitrogen-fixing \emph{Burkholderia} spp. shares a conserved quorum-sensing system, which is tightly regulated by the {R}sa{L} repressor},
  author={Su{\'a}rez-Moreno, Z. and Caballero-Mellado, J. and Venturi, V.},
  journal={Microbiology},
  volume={154},
  pages={2048--2059},
  year={2008},
  publisher={Soc General Microbiol}
}

@article{suarez2010,
  title={Commonalities and differences in regulation of \emph{N}-acyl homoserine lactone quorum sensing in the beneficial plant-associated \emph{Burkholderia} species cluster},
  author={Su{\'a}rez-Moreno, Z. and Devescovi, G. and Myers, M. and Hallack, L. and Mendon{\c{c}}a-Previato, L. and Caballero-Mellado, J. and Venturi, V.},
  journal={Applied and Environmental Microbiology},
  volume={76},
  pages={4302--4317},
  year={2010},
  publisher={Am Soc Microbiol}
}

@article{ulrich2004,
  title={Mutational analysis and biochemical characterization of the {Burkholderia thailandensis} {DW}503 quorum-sensing network},
  author={Ulrich, R. and Hines, H. and Parthasarathy, N. and Jeddeloh, J.},
  journal={Journal of Bacteriology},
  volume={186},
  pages={4350--4360},
  year={2004},
  publisher={Am Soc Microbiol}
}

@article{webb2003,
  title={Bacterial biofilms: prokaryotic adventures in multicellularity},
  author={Webb, J. and Givskov, M. and Kjelleberg, S.},
  journal={Current Opinion in Microbiology},
  volume={6},
  pages={578--585},
  year={2003},
  publisher={Elsevier}
}

@article{van_Tilbeurgh1993,
  title={Interfacial activation of the lipase - procolipase complex by mixed micelles revealed by {X}-ray crystallography},
  author={van Tilbeurgh, H. and Egloff, M. and Martinez, C. and Rugani, N. and Verger, R. and Cambillau, C.},
  journal={Nature},
  volume={362},
  pages={814--820},
  year={1993},
  publisher={Nature Publishing Group}
}

@article{wicker1987,
  title={Alginate lyase releases cell-bound lipase from mucoid strains of \emph{Pseudomonas aeruginosa}},
  author={Wicker-B{\"o}ckelmann, U. and Wingender, J. and Winkler, U.},
  journal={Zentralblatt f{\"u}r Bakteriologie, Mikrobiologie und Hygiene. Series A: Medical Microbiology, Infectious Diseases, Virology, Parasitology},
  volume={266},
  pages={379--389},
  year={1987},
  publisher={Elsevier}
}

@book{wingender1999,
  title={What are bacterial extracellular polymeric substances?},
  author={Wingender, J. and Neu, T. R and Flemming, H.},
  year={1999},
  publisher={Springer}
}

@article{zhang2012,
  title={Acyl homoserine lactone-based quorum sensing in a methanogenic archaeon},
  author={Zhang, G. and Zhang, F. and Ding, G. and Li, J.and Guo, X. and Zhu, J. and Zhou, L. and Cai, S. and Liu, X. and Luo, Y.},
  journal={The ISME Journal},
  volume={6},
  pages={1336--1344},
  year={2012},
  publisher={Nature Publishing Group}
}

@article{daims2006,
  title={Wastewater treatment: a model system for microbial ecology},
  author={Daims, H. and Taylor, M. and Wagner, M.},
  journal={Trends in Biotechnology},
  volume={24},
  pages={483--489},
  year={2006},
  publisher={Elsevier}
}

@article{lofrano2010,
  title={Wastewater management through the ages: A history of mankind},
  author={Lofrano, G. and Brown, J.},
  journal={Science of the Total Environment},
  volume={408},
  pages={5254--5264},
  year={2010},
  publisher={Elsevier}
}

@article{Yu_01,
  title={Bacterial diversity and community structure in an aerated lagoon revealed by ribosomal intergenic spacer analyses and 16{S} ribosomal {DNA} sequencing},
  author={Yu, Z. and Mohn, W.},
  journal={Applied and Environmental Microbiology},
  volume={67},
  pages={1565--1574},
  year={2001},
  publisher={Am Soc Microbiol}
}

